<?xml version="1.0" encoding="UTF-8"?><collection xmlns="http://www.loc.gov/MARC21/slim"><record><leader>00576nam--2200181-i-4500</leader><controlfield tag="001">000043139</controlfield><controlfield tag="002">20161230</controlfield><controlfield tag="005">20161230201043</controlfield><controlfield tag="008">060222s1000------------r-----000-0-eng-d</controlfield><datafield ind1=" " ind2=" " tag="020"><subfield code="a">0521342465</subfield></datafield><datafield ind1=" " ind2=" " tag="040"><subfield code="a">IFIN-HH</subfield></datafield><datafield ind1=" " ind2=" " tag="080"><subfield code="a">524.882(061.3)</subfield></datafield><datafield ind1="1" ind2=" " tag="100"><subfield code="a">Kafatos, Minas</subfield></datafield><datafield ind1="1" ind2="0" tag="245"><subfield code="a">Supermassive black holes</subfield><subfield code="b">Proceedings of the third george mason astrophysics workshop held at fairfax virginia 14-16 october 1986</subfield><subfield code="c">Minas kafatos (ed.)</subfield></datafield><datafield ind1=" " ind2=" " tag="260"><subfield code="a">Cambridge</subfield><subfield code="b">Cambridge University Press</subfield><subfield code="c">1988</subfield></datafield><datafield ind1=" " ind2=" " tag="300"><subfield code="a">382 P</subfield></datafield><datafield ind1=" " ind2=" " tag="852"><subfield code="a">78920</subfield><subfield code="c">523</subfield></datafield><datafield ind1=" " ind2=" " tag="CAT"><subfield code="a">Sys</subfield><subfield code="c">20141209</subfield><subfield code="h">164502</subfield></datafield></record></collection>